@article{sjoberg2013quantifying,
  title={Quantifying the effect of code smells on maintenance effort},
  author={Sj{\o}berg, Dag IK and Yamashita, Aiko and Anda, Bente CD and Mockus, Audris and Dyb{\aa}, Tore},
  journal={IEEE Transactions on Software Engineering},
  volume={39},
  number={8},
  pages={1144--1156},
  year={2013},
  publisher={IEEE}
}

@Misc{dijkstra1988,
  author={Dijkstra, E.W.},
  title={On the cruelty of really teaching computing science},
  year={1988},
  month={12},
  url={http://www.cs.utexas.edu/~EWD/transcriptions/EWD10xx/EWD1036.html},
  urldate={2013-06-20}
}

@manual{pythonmodules,
  author={Python Software Foundation},
  title={Python documentation},
  date={April 16, 2018},
  language={English},
  version={Version 3.6.5},
  organization={Python Software Foundation},
  pagetotal={1},
  pubstate={April 16, 2018},
}

@manual{javamodules,
  author={Paul Deitel},
  title={Understanding Java 9 Modules},
  date={April 16, 2018},
  language={English},
  version={Version 9},
  organization={Oracle},
  pagetotal={1},
  pubstate={April 16, 2018},
}

@manual{csharpmodules,
  author={Microsoft},
  title={Module Class},
  date={April 16, 2018},
  language={English},
  version={Version 1.1.0},
  organization={Microsoft},
  pagetotal={1},
  pubstate={April 16, 2018},
}

@techreport{ISO9126,
  type={Standard},
  key={ISO 9126-1:2001},
  month={06},
  year={2001},
  title={Software engineering -- Product quality -- Part 1: Quality model},
  volume={2001},
  address={Geneva, CH},
  institution={International Organization for Standardization}
}

@techreport{ISO25010,
  type={Standard},
  key={ISO 25010:2011},
  month={03},
  year={2011},
  title={Systems and software engineering -- Systems and software Quality Requirements and Evaluation (SQuaRE) -- System and software quality models},
  volume={2011},
  address={Geneva, CH},
  institution={International Organization for Standardization}
}

@online{BetterCodeHub,
  author={Software Improvement Group},
  title={Better Code Hub},
  year=2018,
  url={https://bettercodehub.com/},
  urldate={2018-04-30}
}

@online{SIG,
  author={Software Improvement Group},
  title={SIG},
  year=2018,
  url={https://www.sig.eu/},
  urldate={2018-04-30}
}

@article{lee2000linux,
  title={The Linux kernel development as a model of open source knowledge creation},
  author={Lee, Gwendolyn K and Cole, Robert E},
  journal={unpub. MS, Haas School of Business, UC Berkeley},
  year={2000}
}

@misc{brooks1975mythical,
  title={The mythical man-month},
  author={Brooks, Frederick P},
  year={1975},
  publisher={Addison-Wesley Reading, MA}
}

@online{LinuxKernel,
  author={Linus Torvalds},
  title={Linux Kernel},
  year=2018,
  url={https://github.com/torvalds/linux},
  urldate={2018-05-07}
}

@article{stamelos2002code,
  title={Code quality analysis in open source software development},
  author={Stamelos, Ioannis and Angelis, Lefteris and Oikonomou, Apostolos and Bleris, Georgios L},
  journal={Information Systems Journal},
  volume={12},
  number={1},
  pages={43--60},
  year={2002},
  publisher={Wiley Online Library}
}

@book{visser2016building,
  title={Building Maintainable Software, Java Edition: Ten Guidelines for Future-Proof Code},
  author={Visser, Joost and Rigal, Sylvan and van der Leek, Rob and van Eck, Pascal and Wijnholds, Gijs},
  year={2016},
  publisher={" O'Reilly Media, Inc."}
}

@article{emanuel2013modularity,
  title={Modularity index metrics for java-based open source software projects},
  author={Emanuel, Andi Wahju Rahardjo and Wardoyo, Retantyo and Istiyanto, Jazi Eko and Mustofa, Khabib},
  journal={arXiv preprint arXiv:1309.5689},
  year={2013}
}

@article{heitlager2016practical,
  title={A Practical Model for Measuring Maintainability},
  author={Heitlager, Ilja and Kuipers, Tobias and Visser, Joost},
  year={2016}
}
